%YAML 1.1
%TAG !u! tag:unity3d.com,2011:
--- !u!1 &275200292625439217
GameObject:
  m_ObjectHideFlags: 0
  m_CorrespondingSourceObject: {fileID: 0}
  m_PrefabInstance: {fileID: 0}
  m_PrefabAsset: {fileID: 0}
  serializedVersion: 6
  m_Component:
  - component: {fileID: 2515751540679087560}
  - component: {fileID: 8333910331332459166}
  - component: {fileID: 8571576194661253089}
  m_Layer: 20
  m_Name: Shadow
  m_TagString: Untagged
  m_Icon: {fileID: 0}
  m_NavMeshLayer: 0
  m_StaticEditorFlags: 0
  m_IsActive: 1
--- !u!4 &2515751540679087560
Transform:
  m_ObjectHideFlags: 0
  m_CorrespondingSourceObject: {fileID: 0}
  m_PrefabInstance: {fileID: 0}
  m_PrefabAsset: {fileID: 0}
  m_GameObject: {fileID: 275200292625439217}
  m_LocalRotation: {x: -0.7071068, y: 0, z: 0, w: 0.7071068}
  m_LocalPosition: {x: 0, y: 0, z: 0}
  m_LocalScale: {x: 1, y: 1, z: 1}
  m_Children: []
  m_Father: {fileID: 5483936220849896718}
  m_RootOrder: 4
  m_LocalEulerAnglesHint: {x: -90, y: 0, z: 0}
--- !u!23 &8333910331332459166
MeshRenderer:
  m_ObjectHideFlags: 0
  m_CorrespondingSourceObject: {fileID: 0}
  m_PrefabInstance: {fileID: 0}
  m_PrefabAsset: {fileID: 0}
  m_GameObject: {fileID: 275200292625439217}
  m_Enabled: 1
  m_CastShadows: 3
  m_ReceiveShadows: 1
  m_DynamicOccludee: 1
  m_MotionVectors: 1
  m_LightProbeUsage: 1
  m_ReflectionProbeUsage: 1
  m_RayTracingMode: 2
  m_RenderingLayerMask: 1
  m_RendererPriority: 0
  m_Materials:
  - {fileID: 2100000, guid: 9a5e4cb3828cb7f4db63fa3f880bc312, type: 2}
  m_StaticBatchInfo:
    firstSubMesh: 0
    subMeshCount: 0
  m_StaticBatchRoot: {fileID: 0}
  m_ProbeAnchor: {fileID: 0}
  m_LightProbeVolumeOverride: {fileID: 0}
  m_ScaleInLightmap: 1
  m_ReceiveGI: 1
  m_PreserveUVs: 0
  m_IgnoreNormalsForChartDetection: 0
  m_ImportantGI: 0
  m_StitchLightmapSeams: 1
  m_SelectedEditorRenderState: 3
  m_MinimumChartSize: 4
  m_AutoUVMaxDistance: 0.5
  m_AutoUVMaxAngle: 89
  m_LightmapParameters: {fileID: 0}
  m_SortingLayerID: 0
  m_SortingLayer: 0
  m_SortingOrder: 0
--- !u!33 &8571576194661253089
MeshFilter:
  m_ObjectHideFlags: 0
  m_CorrespondingSourceObject: {fileID: 0}
  m_PrefabInstance: {fileID: 0}
  m_PrefabAsset: {fileID: 0}
  m_GameObject: {fileID: 275200292625439217}
  m_Mesh: {fileID: -8285780632888571815, guid: 6a6fc484fe9a26943b0175acfea12e58, type: 3}
--- !u!1 &5483936220849896715
GameObject:
  m_ObjectHideFlags: 0
  m_CorrespondingSourceObject: {fileID: 0}
  m_PrefabInstance: {fileID: 0}
  m_PrefabAsset: {fileID: 0}
  serializedVersion: 6
  m_Component:
  - component: {fileID: 5483936220849896718}
  - component: {fileID: 5483936220849896719}
  - component: {fileID: 5483936220849896716}
  - component: {fileID: 5483936220849896717}
  - component: {fileID: 5483936220849896714}
  - component: {fileID: -1710478284561688205}
  - component: {fileID: -2136178617668213763}
  m_Layer: 10
  m_Name: Sled_A
  m_TagString: botObject
  m_Icon: {fileID: 0}
  m_NavMeshLayer: 0
  m_StaticEditorFlags: 0
  m_IsActive: 1
--- !u!4 &5483936220849896718
Transform:
  m_ObjectHideFlags: 0
  m_CorrespondingSourceObject: {fileID: 0}
  m_PrefabInstance: {fileID: 0}
  m_PrefabAsset: {fileID: 0}
  m_GameObject: {fileID: 5483936220849896715}
  m_LocalRotation: {x: 0, y: 0, z: 0, w: 1}
  m_LocalPosition: {x: 0, y: 1.557, z: 0}
  m_LocalScale: {x: 2, y: 2, z: 2}
  m_Children:
  - {fileID: 5483936222174501506}
  - {fileID: 5483936222127245710}
  - {fileID: 5483936220975798762}
  - {fileID: 160620865436767629}
  - {fileID: 2515751540679087560}
  m_Father: {fileID: 0}
  m_RootOrder: 0
  m_LocalEulerAnglesHint: {x: 0, y: 0, z: 0}
--- !u!54 &5483936220849896719
Rigidbody:
  m_ObjectHideFlags: 0
  m_CorrespondingSourceObject: {fileID: 0}
  m_PrefabInstance: {fileID: 0}
  m_PrefabAsset: {fileID: 0}
  m_GameObject: {fileID: 5483936220849896715}
  serializedVersion: 2
  m_Mass: 4
  m_Drag: 0.2
  m_AngularDrag: 0.05
  m_UseGravity: 1
  m_IsKinematic: 0
  m_Interpolate: 0
  m_Constraints: 0
  m_CollisionDetection: 1
--- !u!65 &5483936220849896716
BoxCollider:
  m_ObjectHideFlags: 0
  m_CorrespondingSourceObject: {fileID: 0}
  m_PrefabInstance: {fileID: 0}
  m_PrefabAsset: {fileID: 0}
  m_GameObject: {fileID: 5483936220849896715}
  m_Material: {fileID: 13400000, guid: 19c4247e2164cff43a7f07a3b19002a3, type: 2}
  m_IsTrigger: 0
  m_Enabled: 1
  serializedVersion: 2
  m_Size: {x: 0.35366592, y: 0.12213482, z: 0.17997976}
  m_Center: {x: 0.016198412, y: 0.044213332, z: 0.003984697}
--- !u!114 &5483936220849896717
MonoBehaviour:
  m_ObjectHideFlags: 0
  m_CorrespondingSourceObject: {fileID: 0}
  m_PrefabInstance: {fileID: 0}
  m_PrefabAsset: {fileID: 0}
  m_GameObject: {fileID: 5483936220849896715}
  m_Enabled: 1
  m_EditorHideFlags: 0
  m_Script: {fileID: 11500000, guid: 38bf4b20181af45299a252286682b306, type: 3}
  m_Name: 
  m_EditorClassIdentifier: 
  spawner: {fileID: 0}
--- !u!114 &5483936220849896714
MonoBehaviour:
  m_ObjectHideFlags: 0
  m_CorrespondingSourceObject: {fileID: 0}
  m_PrefabInstance: {fileID: 0}
  m_PrefabAsset: {fileID: 0}
  m_GameObject: {fileID: 5483936220849896715}
  m_Enabled: 1
  m_EditorHideFlags: 0
  m_Script: {fileID: 11500000, guid: 1d820a90d74934dc3b88a12277738822, type: 3}
  m_Name: 
  m_EditorClassIdentifier: 
  soundPitch: 0
  baseLightIntensity: 0
  flashIntensity: 0
  customTag: 0
--- !u!114 &-1710478284561688205
MonoBehaviour:
  m_ObjectHideFlags: 0
  m_CorrespondingSourceObject: {fileID: 0}
  m_PrefabInstance: {fileID: 0}
  m_PrefabAsset: {fileID: 0}
  m_GameObject: {fileID: 5483936220849896715}
  m_Enabled: 1
  m_EditorHideFlags: 0
  m_Script: {fileID: 11500000, guid: 94fb55240b4d2bc42a755c84cb71172d, type: 3}
  m_Name: 
  m_EditorClassIdentifier: 
  maxVelocity: 10
  brake: 0.5
--- !u!114 &-2136178617668213763
MonoBehaviour:
  m_ObjectHideFlags: 0
  m_CorrespondingSourceObject: {fileID: 0}
  m_PrefabInstance: {fileID: 0}
  m_PrefabAsset: {fileID: 0}
  m_GameObject: {fileID: 5483936220849896715}
  m_Enabled: 1
  m_EditorHideFlags: 0
  m_Script: {fileID: 11500000, guid: 5665220d8a06f744e9d04689dfeb354b, type: 3}
  m_Name: 
  m_EditorClassIdentifier: 
--- !u!1 &5483936220975798763
GameObject:
  m_ObjectHideFlags: 0
  m_CorrespondingSourceObject: {fileID: 0}
  m_PrefabInstance: {fileID: 0}
  m_PrefabAsset: {fileID: 0}
  serializedVersion: 6
  m_Component:
  - component: {fileID: 5483936220975798762}
  - component: {fileID: 5483936220975798765}
  m_Layer: 10
  m_Name: blade2
  m_TagString: Untagged
  m_Icon: {fileID: 0}
  m_NavMeshLayer: 0
  m_StaticEditorFlags: 0
  m_IsActive: 1
--- !u!4 &5483936220975798762
Transform:
  m_ObjectHideFlags: 0
  m_CorrespondingSourceObject: {fileID: 0}
  m_PrefabInstance: {fileID: 0}
  m_PrefabAsset: {fileID: 0}
  m_GameObject: {fileID: 5483936220975798763}
  m_LocalRotation: {x: 0, y: 0.7071068, z: 0, w: 0.7071068}
  m_LocalPosition: {x: 0, y: 0, z: 0.077}
  m_LocalScale: {x: 1, y: 1, z: 1}
  m_Children: []
  m_Father: {fileID: 5483936220849896718}
  m_RootOrder: 2
  m_LocalEulerAnglesHint: {x: 0, y: 90, z: 0}
--- !u!114 &5483936220975798765
MonoBehaviour:
  m_ObjectHideFlags: 0
  m_CorrespondingSourceObject: {fileID: 0}
  m_PrefabInstance: {fileID: 0}
  m_PrefabAsset: {fileID: 0}
  m_GameObject: {fileID: 5483936220975798763}
  m_Enabled: 1
  m_EditorHideFlags: 0
  m_Script: {fileID: 11500000, guid: b23e9e55a9ef21c47bc441cb9628243e, type: 3}
  m_Name: 
  m_EditorClassIdentifier: 
  mmt_TargetedToCPUBasedType: 0
  mmt_HitLocationHistory: {x: -1.9140003, y: 1.5564466, z: 2.3479998}
  TrackLayer:
  - mmt_TrackName: Default Smart Track
    mmt_TrackColor: {r: 0.5990566, g: 0.9830884, b: 1, a: 1}
    mmt_TrackSize: 120.1
    mmt_TrackGraphic: {fileID: 2800000, guid: a8402bff69c504f4894fddc8d57c55e0, type: 3}
    mmt_TrackBrush: {fileID: 2100000, guid: 25d4289aa6193ef469559188ba0dfee5, type: 2}
    mmt_CopyObjectRotation: 1
    mmt_UseSmartLayerRotation: 0
    mmt_InverseSmartLayerRotation: 0
    mmt_FixObjectScaleWithTrackSize: 1
    mmt_GetScaleFromRoot: 1
    mmt_InternalScaleMultiplier: 60.05
    mmt_enabledTrackEffects: 1
    mmt_trackEffects:
      mmt_MotionSpeed: 0.3
      mmt_LinearMotion: 0
      mmt_MotionDrag: 0.3
      mmt_ChangeTrackSize: 1
      mmt_StartTrackSize: 65
      mmt_EndTrackSize: 0
      mmt_ChangeBrushOpacity: 1
      mmt_StartBrushOpacity: 1
      mmt_EndBrushOpacity: 0
      mmt_Direction: {x: 0, y: 0, z: 0}
      mmt_DirectionDouble: {x: 0, y: 0, z: 0}
      mmt_SmartTrackRotation: 1
      mmt_LocalSpace: 1
      mmt_useDoubleCast: 0
      mmt_useTrackReferences: 0
      mmt_TrackGraphic: {fileID: 2800000, guid: 6baa8f93703718a46968f2841397cc9f,
        type: 3}
      mmt_TrackBrush: {fileID: 2100000, guid: 0c0f485c89b49f242a9a41a165fadce1, type: 2}
      mmt_adjustLifetimebyObjectSpeed: 0
      mmt_EffectLifetime: 0.5
    mmt_MobilePlatform: 0
    mmt_RayOriginIsCursor: 0
    mmt_CameraTarget: {fileID: 0}
    mmt_InputEvent: 0
    mmt_InputKey: 323
    mmt_RayDirection: 0
    mmt_RayDistance: 0.2
    mmt_RayOriginOffset: {x: 0, y: 0, z: 0}
    mmt_AllowedLayers:
      serializedVersion: 2
      m_Bits: 4294967295
    mmt_AllObjectsAllowed: 1
    mmt_AllowedWithTag: 
    mmt_UseSpeedLimits: 0
    mmt_SpeedLimitMin: 100
    mmt_SpeedLimitMax: 100
    mmt_EnableEvents: 0
    mmt_Event_UpdateEventEveryFrame: 0
    mmt_Event_SurfaceDetected:
      m_PersistentCalls:
        m_Calls: []
    mmt_Event_SurfaceExit:
      m_PersistentCalls:
        m_Calls: []
    Event_Enter: 0
    mmt_Debug_ShowDebugGraphic: 1
  mmt_AlwaysCheckSurface: 1
  mmt_UseInterval: 1
  mmt_Interval: 2
  mmt_useEffects: 1
  mmt_effectQuality: 2
  mmt_CustomTrackBuffers: 5
  mmt_speed: 0
  mmt_previousPos: {x: -1.9140003, y: 1.5901546, z: 2.348}
--- !u!1 &5483936222127245711
GameObject:
  m_ObjectHideFlags: 0
  m_CorrespondingSourceObject: {fileID: 0}
  m_PrefabInstance: {fileID: 0}
  m_PrefabAsset: {fileID: 0}
  serializedVersion: 6
  m_Component:
  - component: {fileID: 5483936222127245710}
  - component: {fileID: 5483936222127245713}
  m_Layer: 10
  m_Name: blade1
  m_TagString: Untagged
  m_Icon: {fileID: 0}
  m_NavMeshLayer: 0
  m_StaticEditorFlags: 0
  m_IsActive: 1
--- !u!4 &5483936222127245710
Transform:
  m_ObjectHideFlags: 0
  m_CorrespondingSourceObject: {fileID: 0}
  m_PrefabInstance: {fileID: 0}
  m_PrefabAsset: {fileID: 0}
  m_GameObject: {fileID: 5483936222127245711}
  m_LocalRotation: {x: 0, y: 0.7071068, z: 0, w: 0.7071068}
  m_LocalPosition: {x: -0, y: 0, z: -0.072}
  m_LocalScale: {x: 1, y: 1, z: 1}
  m_Children: []
  m_Father: {fileID: 5483936220849896718}
  m_RootOrder: 1
  m_LocalEulerAnglesHint: {x: 0, y: 90, z: 0}
--- !u!114 &5483936222127245713
MonoBehaviour:
  m_ObjectHideFlags: 0
  m_CorrespondingSourceObject: {fileID: 0}
  m_PrefabInstance: {fileID: 0}
  m_PrefabAsset: {fileID: 0}
  m_GameObject: {fileID: 5483936222127245711}
  m_Enabled: 1
  m_EditorHideFlags: 0
  m_Script: {fileID: 11500000, guid: b23e9e55a9ef21c47bc441cb9628243e, type: 3}
  m_Name: 
  m_EditorClassIdentifier: 
  mmt_TargetedToCPUBasedType: 0
  mmt_HitLocationHistory: {x: -1.9140003, y: 1.5564466, z: 2.3479998}
  TrackLayer:
  - mmt_TrackName: Default Smart Track
    mmt_TrackColor: {r: 0.5990566, g: 0.9830884, b: 1, a: 1}
    mmt_TrackSize: 120.1
    mmt_TrackGraphic: {fileID: 2800000, guid: a8402bff69c504f4894fddc8d57c55e0, type: 3}
    mmt_TrackBrush: {fileID: 2100000, guid: 25d4289aa6193ef469559188ba0dfee5, type: 2}
    mmt_CopyObjectRotation: 1
    mmt_UseSmartLayerRotation: 0
    mmt_InverseSmartLayerRotation: 0
    mmt_FixObjectScaleWithTrackSize: 1
    mmt_GetScaleFromRoot: 1
    mmt_InternalScaleMultiplier: 60.05
    mmt_enabledTrackEffects: 1
    mmt_trackEffects:
      mmt_MotionSpeed: 0.3
      mmt_LinearMotion: 0
      mmt_MotionDrag: 0.3
      mmt_ChangeTrackSize: 1
      mmt_StartTrackSize: 65
      mmt_EndTrackSize: 0
      mmt_ChangeBrushOpacity: 1
      mmt_StartBrushOpacity: 1
      mmt_EndBrushOpacity: 0
      mmt_Direction: {x: 0, y: 0, z: 0}
      mmt_DirectionDouble: {x: 0, y: 0, z: 0}
      mmt_SmartTrackRotation: 1
      mmt_LocalSpace: 0
      mmt_useDoubleCast: 0
      mmt_useTrackReferences: 0
      mmt_TrackGraphic: {fileID: 2800000, guid: 6baa8f93703718a46968f2841397cc9f,
        type: 3}
      mmt_TrackBrush: {fileID: 2100000, guid: 0c0f485c89b49f242a9a41a165fadce1, type: 2}
      mmt_adjustLifetimebyObjectSpeed: 0
      mmt_EffectLifetime: 0.5
    mmt_MobilePlatform: 0
    mmt_RayOriginIsCursor: 0
    mmt_CameraTarget: {fileID: 0}
    mmt_InputEvent: 0
    mmt_InputKey: 323
    mmt_RayDirection: 0
    mmt_RayDistance: 0.2
    mmt_RayOriginOffset: {x: 0, y: 0, z: 0}
    mmt_AllowedLayers:
      serializedVersion: 2
      m_Bits: 4294967295
    mmt_AllObjectsAllowed: 1
    mmt_AllowedWithTag: 
    mmt_UseSpeedLimits: 0
    mmt_SpeedLimitMin: 100
    mmt_SpeedLimitMax: 100
    mmt_EnableEvents: 0
    mmt_Event_UpdateEventEveryFrame: 0
    mmt_Event_SurfaceDetected:
      m_PersistentCalls:
        m_Calls: []
    mmt_Event_SurfaceExit:
      m_PersistentCalls:
        m_Calls: []
    Event_Enter: 0
    mmt_Debug_ShowDebugGraphic: 1
  mmt_AlwaysCheckSurface: 1
  mmt_UseInterval: 1
  mmt_Interval: 2
  mmt_useEffects: 1
  mmt_effectQuality: 2
  mmt_CustomTrackBuffers: 5
  mmt_speed: 0
  mmt_previousPos: {x: -1.9140003, y: 1.5901546, z: 2.348}
--- !u!1 &5483936222174501507
GameObject:
  m_ObjectHideFlags: 0
  m_CorrespondingSourceObject: {fileID: 0}
  m_PrefabInstance: {fileID: 0}
  m_PrefabAsset: {fileID: 0}
  serializedVersion: 6
  m_Component:
  - component: {fileID: 5483936222174501506}
  - component: {fileID: 5483936222174501508}
  - component: {fileID: 5483936222174501509}
  m_Layer: 10
  m_Name: MainMesh
  m_TagString: Untagged
  m_Icon: {fileID: 0}
  m_NavMeshLayer: 0
  m_StaticEditorFlags: 0
  m_IsActive: 1
--- !u!4 &5483936222174501506
Transform:
  m_ObjectHideFlags: 0
  m_CorrespondingSourceObject: {fileID: 0}
  m_PrefabInstance: {fileID: 0}
  m_PrefabAsset: {fileID: 0}
  m_GameObject: {fileID: 5483936222174501507}
  m_LocalRotation: {x: -0.7071068, y: 0, z: 0, w: 0.7071068}
  m_LocalPosition: {x: 0, y: 0, z: 0}
  m_LocalScale: {x: 1, y: 1, z: 1}
  m_Children: []
  m_Father: {fileID: 5483936220849896718}
  m_RootOrder: 0
  m_LocalEulerAnglesHint: {x: -90, y: 0, z: 0}
--- !u!23 &5483936222174501508
MeshRenderer:
  m_ObjectHideFlags: 0
  m_CorrespondingSourceObject: {fileID: 0}
  m_PrefabInstance: {fileID: 0}
  m_PrefabAsset: {fileID: 0}
  m_GameObject: {fileID: 5483936222174501507}
  m_Enabled: 1
  m_CastShadows: 0
  m_ReceiveShadows: 1
  m_DynamicOccludee: 1
  m_MotionVectors: 1
  m_LightProbeUsage: 1
  m_ReflectionProbeUsage: 1
  m_RayTracingMode: 2
  m_RenderingLayerMask: 1
  m_RendererPriority: 0
  m_Materials:
  - {fileID: 2100000, guid: 9a5e4cb3828cb7f4db63fa3f880bc312, type: 2}
  m_StaticBatchInfo:
    firstSubMesh: 0
    subMeshCount: 0
  m_StaticBatchRoot: {fileID: 0}
  m_ProbeAnchor: {fileID: 0}
  m_LightProbeVolumeOverride: {fileID: 0}
  m_ScaleInLightmap: 1
  m_ReceiveGI: 1
  m_PreserveUVs: 0
  m_IgnoreNormalsForChartDetection: 0
  m_ImportantGI: 0
  m_StitchLightmapSeams: 1
  m_SelectedEditorRenderState: 3
  m_MinimumChartSize: 4
  m_AutoUVMaxDistance: 0.5
  m_AutoUVMaxAngle: 89
  m_LightmapParameters: {fileID: 0}
  m_SortingLayerID: 0
  m_SortingLayer: 0
  m_SortingOrder: 0
--- !u!33 &5483936222174501509
MeshFilter:
  m_ObjectHideFlags: 0
  m_CorrespondingSourceObject: {fileID: 0}
  m_PrefabInstance: {fileID: 0}
  m_PrefabAsset: {fileID: 0}
  m_GameObject: {fileID: 5483936222174501507}
  m_Mesh: {fileID: -8285780632888571815, guid: 6a6fc484fe9a26943b0175acfea12e58, type: 3}
--- !u!1001 &8647038930174166672
PrefabInstance:
  m_ObjectHideFlags: 0
  serializedVersion: 2
  m_Modification:
    m_TransformParent: {fileID: 5483936220849896718}
    m_Modifications:
    - target: {fileID: 8807589260973478685, guid: 37782a7e44bbcfb4cb51c3469d7695aa,
        type: 3}
      propertyPath: m_RootOrder
      value: 3
      objectReference: {fileID: 0}
    - target: {fileID: 8807589260973478685, guid: 37782a7e44bbcfb4cb51c3469d7695aa,
        type: 3}
      propertyPath: m_LocalPosition.x
      value: 0
      objectReference: {fileID: 0}
    - target: {fileID: 8807589260973478685, guid: 37782a7e44bbcfb4cb51c3469d7695aa,
        type: 3}
      propertyPath: m_LocalPosition.y
      value: 0.379
      objectReference: {fileID: 0}
    - target: {fileID: 8807589260973478685, guid: 37782a7e44bbcfb4cb51c3469d7695aa,
        type: 3}
      propertyPath: m_LocalPosition.z
      value: 0
      objectReference: {fileID: 0}
    - target: {fileID: 8807589260973478685, guid: 37782a7e44bbcfb4cb51c3469d7695aa,
        type: 3}
      propertyPath: m_LocalRotation.w
      value: 0.70710784
      objectReference: {fileID: 0}
    - target: {fileID: 8807589260973478685, guid: 37782a7e44bbcfb4cb51c3469d7695aa,
        type: 3}
      propertyPath: m_LocalRotation.x
      value: 0.70710576
      objectReference: {fileID: 0}
    - target: {fileID: 8807589260973478685, guid: 37782a7e44bbcfb4cb51c3469d7695aa,
        type: 3}
      propertyPath: m_LocalRotation.y
      value: -0
      objectReference: {fileID: 0}
    - target: {fileID: 8807589260973478685, guid: 37782a7e44bbcfb4cb51c3469d7695aa,
        type: 3}
      propertyPath: m_LocalRotation.z
      value: -0
      objectReference: {fileID: 0}
    - target: {fileID: 8807589260973478685, guid: 37782a7e44bbcfb4cb51c3469d7695aa,
        type: 3}
      propertyPath: m_LocalEulerAnglesHint.x
      value: 90.00001
      objectReference: {fileID: 0}
    - target: {fileID: 8807589260973478685, guid: 37782a7e44bbcfb4cb51c3469d7695aa,
        type: 3}
      propertyPath: m_LocalEulerAnglesHint.y
      value: 0
      objectReference: {fileID: 0}
    - target: {fileID: 8807589260973478685, guid: 37782a7e44bbcfb4cb51c3469d7695aa,
        type: 3}
      propertyPath: m_LocalEulerAnglesHint.z
      value: 0
      objectReference: {fileID: 0}
    - target: {fileID: 8807589260973478686, guid: 37782a7e44bbcfb4cb51c3469d7695aa,
        type: 3}
      propertyPath: m_Name
      value: ChristmasLight
      objectReference: {fileID: 0}
    m_RemovedComponents: []
  m_SourcePrefab: {fileID: 100100000, guid: 37782a7e44bbcfb4cb51c3469d7695aa, type: 3}
--- !u!4 &160620865436767629 stripped
Transform:
  m_CorrespondingSourceObject: {fileID: 8807589260973478685, guid: 37782a7e44bbcfb4cb51c3469d7695aa,
    type: 3}
  m_PrefabInstance: {fileID: 8647038930174166672}
  m_PrefabAsset: {fileID: 0}
