%YAML 1.1
%TAG !u! tag:unity3d.com,2011:
--- !u!1 &283527104938103351
GameObject:
  m_ObjectHideFlags: 0
  m_CorrespondingSourceObject: {fileID: 0}
  m_PrefabInstance: {fileID: 0}
  m_PrefabAsset: {fileID: 0}
  serializedVersion: 6
  m_Component:
  - component: {fileID: 622792844292622477}
  - component: {fileID: 4542796527738324776}
  - component: {fileID: 1796854983571305442}
  - component: {fileID: 5504661028825729911}
  - component: {fileID: 7798740328149045470}
  - component: {fileID: 8599685314931298259}
  - component: {fileID: -6599158242138109133}
  m_Layer: 10
  m_Name: Leaf_I
  m_TagString: botObject
  m_Icon: {fileID: 0}
  m_NavMeshLayer: 0
  m_StaticEditorFlags: 0
  m_IsActive: 1
--- !u!4 &622792844292622477
Transform:
  m_ObjectHideFlags: 0
  m_CorrespondingSourceObject: {fileID: 0}
  m_PrefabInstance: {fileID: 0}
  m_PrefabAsset: {fileID: 0}
  m_GameObject: {fileID: 283527104938103351}
  m_LocalRotation: {x: -0.7071068, y: 0, z: 0, w: 0.7071068}
  m_LocalPosition: {x: 0, y: 0, z: 0}
  m_LocalScale: {x: 1, y: 1, z: 1}
  m_Children:
  - {fileID: 6336782117078571083}
  - {fileID: 5687514943243587786}
  m_Father: {fileID: 0}
  m_RootOrder: 0
  m_LocalEulerAnglesHint: {x: -90, y: 0, z: 0}
--- !u!33 &4542796527738324776
MeshFilter:
  m_ObjectHideFlags: 0
  m_CorrespondingSourceObject: {fileID: 0}
  m_PrefabInstance: {fileID: 0}
  m_PrefabAsset: {fileID: 0}
  m_GameObject: {fileID: 283527104938103351}
  m_Mesh: {fileID: -4375942577750910640, guid: 963f0793c96a6764895f5453fa07fe07, type: 3}
--- !u!23 &1796854983571305442
MeshRenderer:
  m_ObjectHideFlags: 0
  m_CorrespondingSourceObject: {fileID: 0}
  m_PrefabInstance: {fileID: 0}
  m_PrefabAsset: {fileID: 0}
  m_GameObject: {fileID: 283527104938103351}
  m_Enabled: 1
  m_CastShadows: 1
  m_ReceiveShadows: 1
  m_DynamicOccludee: 1
  m_MotionVectors: 1
  m_LightProbeUsage: 1
  m_ReflectionProbeUsage: 1
  m_RayTracingMode: 2
  m_RenderingLayerMask: 1
  m_RendererPriority: 0
  m_Materials:
  - {fileID: 2100000, guid: ab5b0bda37889134c88f93ec4adcd3a0, type: 2}
  m_StaticBatchInfo:
    firstSubMesh: 0
    subMeshCount: 0
  m_StaticBatchRoot: {fileID: 0}
  m_ProbeAnchor: {fileID: 0}
  m_LightProbeVolumeOverride: {fileID: 0}
  m_ScaleInLightmap: 1
  m_ReceiveGI: 1
  m_PreserveUVs: 0
  m_IgnoreNormalsForChartDetection: 0
  m_ImportantGI: 0
  m_StitchLightmapSeams: 1
  m_SelectedEditorRenderState: 3
  m_MinimumChartSize: 4
  m_AutoUVMaxDistance: 0.5
  m_AutoUVMaxAngle: 89
  m_LightmapParameters: {fileID: 0}
  m_SortingLayerID: 0
  m_SortingLayer: 0
  m_SortingOrder: 0
--- !u!54 &5504661028825729911
Rigidbody:
  m_ObjectHideFlags: 0
  m_CorrespondingSourceObject: {fileID: 0}
  m_PrefabInstance: {fileID: 0}
  m_PrefabAsset: {fileID: 0}
  m_GameObject: {fileID: 283527104938103351}
  serializedVersion: 2
  m_Mass: 0.01
  m_Drag: 0
  m_AngularDrag: 0.05
  m_UseGravity: 1
  m_IsKinematic: 0
  m_Interpolate: 0
  m_Constraints: 0
  m_CollisionDetection: 0
--- !u!138 &7798740328149045470
FixedJoint:
  m_ObjectHideFlags: 0
  m_CorrespondingSourceObject: {fileID: 0}
  m_PrefabInstance: {fileID: 0}
  m_PrefabAsset: {fileID: 0}
  m_GameObject: {fileID: 283527104938103351}
  m_ConnectedBody: {fileID: 4034467915593740239}
  m_BreakForce: Infinity
  m_BreakTorque: Infinity
  m_EnableCollision: 0
  m_EnablePreprocessing: 1
  m_MassScale: 1
  m_ConnectedMassScale: 1
--- !u!114 &8599685314931298259
MonoBehaviour:
  m_ObjectHideFlags: 0
  m_CorrespondingSourceObject: {fileID: 0}
  m_PrefabInstance: {fileID: 0}
  m_PrefabAsset: {fileID: 0}
  m_GameObject: {fileID: 283527104938103351}
  m_Enabled: 1
  m_EditorHideFlags: 0
  m_Script: {fileID: 11500000, guid: 38bf4b20181af45299a252286682b306, type: 3}
  m_Name: 
  m_EditorClassIdentifier: 
  spawner: {fileID: 0}
--- !u!114 &-6599158242138109133
MonoBehaviour:
  m_ObjectHideFlags: 0
  m_CorrespondingSourceObject: {fileID: 0}
  m_PrefabInstance: {fileID: 0}
  m_PrefabAsset: {fileID: 0}
  m_GameObject: {fileID: 283527104938103351}
  m_Enabled: 1
  m_EditorHideFlags: 0
  m_Script: {fileID: 11500000, guid: 94fb55240b4d2bc42a755c84cb71172d, type: 3}
  m_Name: 
  m_EditorClassIdentifier: 
  maxVelocity: 10
  brake: 0.5
--- !u!1 &3967203177081037848
GameObject:
  m_ObjectHideFlags: 0
  m_CorrespondingSourceObject: {fileID: 0}
  m_PrefabInstance: {fileID: 0}
  m_PrefabAsset: {fileID: 0}
  serializedVersion: 6
  m_Component:
  - component: {fileID: 6336782117078571083}
  - component: {fileID: 5079455651573850483}
  - component: {fileID: 1578506037458300503}
  - component: {fileID: 2199884575229318791}
  - component: {fileID: 4034467915593740239}
  - component: {fileID: 3779477899782982791}
  m_Layer: 10
  m_Name: Body
  m_TagString: Wind Interaction
  m_Icon: {fileID: 0}
  m_NavMeshLayer: 0
  m_StaticEditorFlags: 0
  m_IsActive: 1
--- !u!4 &6336782117078571083
Transform:
  m_ObjectHideFlags: 0
  m_CorrespondingSourceObject: {fileID: 0}
  m_PrefabInstance: {fileID: 0}
  m_PrefabAsset: {fileID: 0}
  m_GameObject: {fileID: 3967203177081037848}
  m_LocalRotation: {x: -0, y: 0.00000002235174, z: 0.11149915, w: 0.9937646}
  m_LocalPosition: {x: -0, y: 0.0000000013326, z: 0.014}
  m_LocalScale: {x: 0.42473668, y: 0.16270019, z: 0.03}
  m_Children:
  - {fileID: 2844832970783649534}
  m_Father: {fileID: 622792844292622477}
  m_RootOrder: 0
  m_LocalEulerAnglesHint: {x: 0, y: 0, z: 12.803}
--- !u!33 &5079455651573850483
MeshFilter:
  m_ObjectHideFlags: 0
  m_CorrespondingSourceObject: {fileID: 0}
  m_PrefabInstance: {fileID: 0}
  m_PrefabAsset: {fileID: 0}
  m_GameObject: {fileID: 3967203177081037848}
  m_Mesh: {fileID: 10202, guid: 0000000000000000e000000000000000, type: 0}
--- !u!65 &1578506037458300503
BoxCollider:
  m_ObjectHideFlags: 0
  m_CorrespondingSourceObject: {fileID: 0}
  m_PrefabInstance: {fileID: 0}
  m_PrefabAsset: {fileID: 0}
  m_GameObject: {fileID: 3967203177081037848}
  m_Material: {fileID: 0}
  m_IsTrigger: 0
  m_Enabled: 1
  serializedVersion: 2
  m_Size: {x: 1, y: 1, z: 1}
  m_Center: {x: 0, y: 0, z: 0}
--- !u!23 &2199884575229318791
MeshRenderer:
  m_ObjectHideFlags: 0
  m_CorrespondingSourceObject: {fileID: 0}
  m_PrefabInstance: {fileID: 0}
  m_PrefabAsset: {fileID: 0}
  m_GameObject: {fileID: 3967203177081037848}
  m_Enabled: 0
  m_CastShadows: 1
  m_ReceiveShadows: 1
  m_DynamicOccludee: 1
  m_MotionVectors: 1
  m_LightProbeUsage: 1
  m_ReflectionProbeUsage: 1
  m_RayTracingMode: 2
  m_RenderingLayerMask: 1
  m_RendererPriority: 0
  m_Materials:
  - {fileID: 10303, guid: 0000000000000000f000000000000000, type: 0}
  m_StaticBatchInfo:
    firstSubMesh: 0
    subMeshCount: 0
  m_StaticBatchRoot: {fileID: 0}
  m_ProbeAnchor: {fileID: 0}
  m_LightProbeVolumeOverride: {fileID: 0}
  m_ScaleInLightmap: 1
  m_ReceiveGI: 1
  m_PreserveUVs: 1
  m_IgnoreNormalsForChartDetection: 0
  m_ImportantGI: 0
  m_StitchLightmapSeams: 1
  m_SelectedEditorRenderState: 3
  m_MinimumChartSize: 4
  m_AutoUVMaxDistance: 0.5
  m_AutoUVMaxAngle: 89
  m_LightmapParameters: {fileID: 0}
  m_SortingLayerID: 0
  m_SortingLayer: 0
  m_SortingOrder: 0
--- !u!54 &4034467915593740239
Rigidbody:
  m_ObjectHideFlags: 0
  m_CorrespondingSourceObject: {fileID: 0}
  m_PrefabInstance: {fileID: 0}
  m_PrefabAsset: {fileID: 0}
  m_GameObject: {fileID: 3967203177081037848}
  serializedVersion: 2
  m_Mass: 1
  m_Drag: 0
  m_AngularDrag: 0.05
  m_UseGravity: 1
  m_IsKinematic: 0
  m_Interpolate: 0
  m_Constraints: 0
  m_CollisionDetection: 0
--- !u!114 &3779477899782982791
MonoBehaviour:
  m_ObjectHideFlags: 0
  m_CorrespondingSourceObject: {fileID: 0}
  m_PrefabInstance: {fileID: 0}
  m_PrefabAsset: {fileID: 0}
  m_GameObject: {fileID: 3967203177081037848}
  m_Enabled: 1
  m_EditorHideFlags: 0
  m_Script: {fileID: 11500000, guid: 1d820a90d74934dc3b88a12277738822, type: 3}
  m_Name: 
  m_EditorClassIdentifier: 
  soundPitch: 0
  baseLightIntensity: 0
  flashIntensity: 0
  customTag: 0
--- !u!1001 &5288534142873499425
PrefabInstance:
  m_ObjectHideFlags: 0
  serializedVersion: 2
  m_Modification:
    m_TransformParent: {fileID: 622792844292622477}
    m_Modifications:
    - target: {fileID: -8679921383154817045, guid: 811e49d5d64ee144d88c1cb66295a71d,
        type: 3}
      propertyPath: m_RootOrder
      value: 1
      objectReference: {fileID: 0}
    - target: {fileID: -8679921383154817045, guid: 811e49d5d64ee144d88c1cb66295a71d,
        type: 3}
      propertyPath: m_LocalScale.x
      value: 125.4
      objectReference: {fileID: 0}
    - target: {fileID: -8679921383154817045, guid: 811e49d5d64ee144d88c1cb66295a71d,
        type: 3}
      propertyPath: m_LocalScale.y
      value: 118.1
      objectReference: {fileID: 0}
    - target: {fileID: -8679921383154817045, guid: 811e49d5d64ee144d88c1cb66295a71d,
        type: 3}
      propertyPath: m_LocalPosition.x
      value: -0
      objectReference: {fileID: 0}
    - target: {fileID: -8679921383154817045, guid: 811e49d5d64ee144d88c1cb66295a71d,
        type: 3}
      propertyPath: m_LocalPosition.y
      value: 0
      objectReference: {fileID: 0}
    - target: {fileID: -8679921383154817045, guid: 811e49d5d64ee144d88c1cb66295a71d,
        type: 3}
      propertyPath: m_LocalPosition.z
      value: -0.01
      objectReference: {fileID: 0}
    - target: {fileID: -8679921383154817045, guid: 811e49d5d64ee144d88c1cb66295a71d,
        type: 3}
      propertyPath: m_LocalRotation.w
      value: 1
      objectReference: {fileID: 0}
    - target: {fileID: -8679921383154817045, guid: 811e49d5d64ee144d88c1cb66295a71d,
        type: 3}
      propertyPath: m_LocalRotation.x
      value: 0
      objectReference: {fileID: 0}
    - target: {fileID: -8679921383154817045, guid: 811e49d5d64ee144d88c1cb66295a71d,
        type: 3}
      propertyPath: m_LocalRotation.y
      value: 0
      objectReference: {fileID: 0}
    - target: {fileID: -8679921383154817045, guid: 811e49d5d64ee144d88c1cb66295a71d,
        type: 3}
      propertyPath: m_LocalRotation.z
      value: 0
      objectReference: {fileID: 0}
    - target: {fileID: -8679921383154817045, guid: 811e49d5d64ee144d88c1cb66295a71d,
        type: 3}
      propertyPath: m_LocalEulerAnglesHint.x
      value: 0
      objectReference: {fileID: 0}
    - target: {fileID: -8679921383154817045, guid: 811e49d5d64ee144d88c1cb66295a71d,
        type: 3}
      propertyPath: m_LocalEulerAnglesHint.y
      value: 0
      objectReference: {fileID: 0}
    - target: {fileID: -8679921383154817045, guid: 811e49d5d64ee144d88c1cb66295a71d,
        type: 3}
      propertyPath: m_LocalEulerAnglesHint.z
      value: 0
      objectReference: {fileID: 0}
    - target: {fileID: -7511558181221131132, guid: 811e49d5d64ee144d88c1cb66295a71d,
        type: 3}
      propertyPath: m_Materials.Array.data[0]
      value: 
      objectReference: {fileID: 2100000, guid: e50517516fc1d214cb49d6dc483b6608, type: 2}
    - target: {fileID: 919132149155446097, guid: 811e49d5d64ee144d88c1cb66295a71d,
        type: 3}
      propertyPath: m_Name
      value: Outline
      objectReference: {fileID: 0}
    - target: {fileID: 919132149155446097, guid: 811e49d5d64ee144d88c1cb66295a71d,
        type: 3}
      propertyPath: m_Layer
      value: 10
      objectReference: {fileID: 0}
    m_RemovedComponents: []
  m_SourcePrefab: {fileID: 100100000, guid: 811e49d5d64ee144d88c1cb66295a71d, type: 3}
--- !u!4 &5687514943243587786 stripped
Transform:
  m_CorrespondingSourceObject: {fileID: -8679921383154817045, guid: 811e49d5d64ee144d88c1cb66295a71d,
    type: 3}
  m_PrefabInstance: {fileID: 5288534142873499425}
  m_PrefabAsset: {fileID: 0}
--- !u!1001 &6797655743418396433
PrefabInstance:
  m_ObjectHideFlags: 0
  serializedVersion: 2
  m_Modification:
    m_TransformParent: {fileID: 6336782117078571083}
    m_Modifications:
    - target: {fileID: 824970417748960422, guid: aba6a1f7bc92e7242a140d5c3e102fc1,
        type: 3}
      propertyPath: m_Name
      value: GameObject_SpotLight
      objectReference: {fileID: 0}
    - target: {fileID: 824970417748960422, guid: aba6a1f7bc92e7242a140d5c3e102fc1,
        type: 3}
      propertyPath: m_IsActive
      value: 1
      objectReference: {fileID: 0}
    - target: {fileID: 2578133883150174993, guid: aba6a1f7bc92e7242a140d5c3e102fc1,
        type: 3}
      propertyPath: m_Type
      value: 2
      objectReference: {fileID: 0}
    - target: {fileID: 2578133883150174993, guid: aba6a1f7bc92e7242a140d5c3e102fc1,
        type: 3}
      propertyPath: m_Range
      value: 5
      objectReference: {fileID: 0}
    - target: {fileID: 2578133883150174993, guid: aba6a1f7bc92e7242a140d5c3e102fc1,
        type: 3}
      propertyPath: m_Enabled
      value: 1
      objectReference: {fileID: 0}
    - target: {fileID: 2578133883150174993, guid: aba6a1f7bc92e7242a140d5c3e102fc1,
        type: 3}
      propertyPath: m_DrawHalo
      value: 0
      objectReference: {fileID: 0}
    - target: {fileID: 2578133883150174993, guid: aba6a1f7bc92e7242a140d5c3e102fc1,
        type: 3}
      propertyPath: m_Intensity
      value: 0
      objectReference: {fileID: 0}
    - target: {fileID: 2578133883150174993, guid: aba6a1f7bc92e7242a140d5c3e102fc1,
        type: 3}
      propertyPath: m_CullingMask.m_Bits
      value: 131072
      objectReference: {fileID: 0}
    - target: {fileID: 8731634572849578479, guid: aba6a1f7bc92e7242a140d5c3e102fc1,
        type: 3}
      propertyPath: m_RootOrder
      value: 0
      objectReference: {fileID: 0}
    - target: {fileID: 8731634572849578479, guid: aba6a1f7bc92e7242a140d5c3e102fc1,
        type: 3}
      propertyPath: m_LocalScale.x
      value: 2.428008
      objectReference: {fileID: 0}
    - target: {fileID: 8731634572849578479, guid: aba6a1f7bc92e7242a140d5c3e102fc1,
        type: 3}
      propertyPath: m_LocalScale.y
      value: 5.6958985
      objectReference: {fileID: 0}
    - target: {fileID: 8731634572849578479, guid: aba6a1f7bc92e7242a140d5c3e102fc1,
        type: 3}
      propertyPath: m_LocalScale.z
      value: 106.30641
      objectReference: {fileID: 0}
    - target: {fileID: 8731634572849578479, guid: aba6a1f7bc92e7242a140d5c3e102fc1,
        type: 3}
      propertyPath: m_LocalPosition.x
      value: 0
      objectReference: {fileID: 0}
    - target: {fileID: 8731634572849578479, guid: aba6a1f7bc92e7242a140d5c3e102fc1,
        type: 3}
      propertyPath: m_LocalPosition.y
      value: 0
      objectReference: {fileID: 0}
    - target: {fileID: 8731634572849578479, guid: aba6a1f7bc92e7242a140d5c3e102fc1,
        type: 3}
      propertyPath: m_LocalPosition.z
      value: 9.355095
      objectReference: {fileID: 0}
    - target: {fileID: 8731634572849578479, guid: aba6a1f7bc92e7242a140d5c3e102fc1,
        type: 3}
      propertyPath: m_LocalRotation.w
      value: 0.9937646
      objectReference: {fileID: 0}
    - target: {fileID: 8731634572849578479, guid: aba6a1f7bc92e7242a140d5c3e102fc1,
        type: 3}
      propertyPath: m_LocalRotation.x
      value: -0
      objectReference: {fileID: 0}
    - target: {fileID: 8731634572849578479, guid: aba6a1f7bc92e7242a140d5c3e102fc1,
        type: 3}
      propertyPath: m_LocalRotation.y
      value: -0.00000002235174
      objectReference: {fileID: 0}
    - target: {fileID: 8731634572849578479, guid: aba6a1f7bc92e7242a140d5c3e102fc1,
        type: 3}
      propertyPath: m_LocalRotation.z
      value: -0.11149915
      objectReference: {fileID: 0}
    - target: {fileID: 8731634572849578479, guid: aba6a1f7bc92e7242a140d5c3e102fc1,
        type: 3}
      propertyPath: m_LocalEulerAnglesHint.x
      value: 0
      objectReference: {fileID: 0}
    - target: {fileID: 8731634572849578479, guid: aba6a1f7bc92e7242a140d5c3e102fc1,
        type: 3}
      propertyPath: m_LocalEulerAnglesHint.y
      value: 0
      objectReference: {fileID: 0}
    - target: {fileID: 8731634572849578479, guid: aba6a1f7bc92e7242a140d5c3e102fc1,
        type: 3}
      propertyPath: m_LocalEulerAnglesHint.z
      value: 0
      objectReference: {fileID: 0}
    m_RemovedComponents: []
  m_SourcePrefab: {fileID: 100100000, guid: aba6a1f7bc92e7242a140d5c3e102fc1, type: 3}
--- !u!4 &2844832970783649534 stripped
Transform:
  m_CorrespondingSourceObject: {fileID: 8731634572849578479, guid: aba6a1f7bc92e7242a140d5c3e102fc1,
    type: 3}
  m_PrefabInstance: {fileID: 6797655743418396433}
  m_PrefabAsset: {fileID: 0}
