%YAML 1.1
%TAG !u! tag:unity3d.com,2011:
--- !u!1 &2913091127991973353
GameObject:
  m_ObjectHideFlags: 0
  m_CorrespondingSourceObject: {fileID: 0}
  m_PrefabInstance: {fileID: 0}
  m_PrefabAsset: {fileID: 0}
  serializedVersion: 6
  m_Component:
  - component: {fileID: 7567653988831562867}
  - component: {fileID: 7527224831190958336}
  - component: {fileID: 2002901014140715202}
  - component: {fileID: 1447525336609332252}
  m_Layer: 17
  m_Name: LavaPlane
  m_TagString: Untagged
  m_Icon: {fileID: 0}
  m_NavMeshLayer: 0
  m_StaticEditorFlags: 0
  m_IsActive: 1
--- !u!4 &7567653988831562867
Transform:
  m_ObjectHideFlags: 0
  m_CorrespondingSourceObject: {fileID: 0}
  m_PrefabInstance: {fileID: 0}
  m_PrefabAsset: {fileID: 0}
  m_GameObject: {fileID: 2913091127991973353}
  m_LocalRotation: {x: -0, y: -0, z: -0, w: 1}
  m_LocalPosition: {x: 0, y: 1.8, z: 0}
  m_LocalScale: {x: 1.3, y: 1.3, z: 1.3}
  m_Children: []
  m_Father: {fileID: 7172824866143211658}
  m_RootOrder: 3
  m_LocalEulerAnglesHint: {x: 0, y: 0, z: 0}
--- !u!33 &7527224831190958336
MeshFilter:
  m_ObjectHideFlags: 0
  m_CorrespondingSourceObject: {fileID: 0}
  m_PrefabInstance: {fileID: 0}
  m_PrefabAsset: {fileID: 0}
  m_GameObject: {fileID: 2913091127991973353}
  m_Mesh: {fileID: 10209, guid: 0000000000000000e000000000000000, type: 0}
--- !u!23 &2002901014140715202
MeshRenderer:
  m_ObjectHideFlags: 0
  m_CorrespondingSourceObject: {fileID: 0}
  m_PrefabInstance: {fileID: 0}
  m_PrefabAsset: {fileID: 0}
  m_GameObject: {fileID: 2913091127991973353}
  m_Enabled: 1
  m_CastShadows: 1
  m_ReceiveShadows: 1
  m_DynamicOccludee: 1
  m_MotionVectors: 1
  m_LightProbeUsage: 1
  m_ReflectionProbeUsage: 1
  m_RayTracingMode: 2
  m_RenderingLayerMask: 1
  m_RendererPriority: 0
  m_Materials:
  - {fileID: 2100000, guid: c4951c4fa71ba2947a11b4326c2b90cf, type: 2}
  m_StaticBatchInfo:
    firstSubMesh: 0
    subMeshCount: 0
  m_StaticBatchRoot: {fileID: 0}
  m_ProbeAnchor: {fileID: 0}
  m_LightProbeVolumeOverride: {fileID: 0}
  m_ScaleInLightmap: 1
  m_ReceiveGI: 1
  m_PreserveUVs: 0
  m_IgnoreNormalsForChartDetection: 0
  m_ImportantGI: 0
  m_StitchLightmapSeams: 1
  m_SelectedEditorRenderState: 3
  m_MinimumChartSize: 4
  m_AutoUVMaxDistance: 0.5
  m_AutoUVMaxAngle: 89
  m_LightmapParameters: {fileID: 0}
  m_SortingLayerID: 0
  m_SortingLayer: 0
  m_SortingOrder: 0
--- !u!64 &1447525336609332252
MeshCollider:
  m_ObjectHideFlags: 0
  m_CorrespondingSourceObject: {fileID: 0}
  m_PrefabInstance: {fileID: 0}
  m_PrefabAsset: {fileID: 0}
  m_GameObject: {fileID: 2913091127991973353}
  m_Material: {fileID: 0}
  m_IsTrigger: 0
  m_Enabled: 0
  serializedVersion: 4
  m_Convex: 0
  m_CookingOptions: 30
  m_Mesh: {fileID: 10209, guid: 0000000000000000e000000000000000, type: 0}
--- !u!1 &4665190825593781603
GameObject:
  m_ObjectHideFlags: 0
  m_CorrespondingSourceObject: {fileID: 0}
  m_PrefabInstance: {fileID: 0}
  m_PrefabAsset: {fileID: 0}
  serializedVersion: 6
  m_Component:
  - component: {fileID: 3353353327953515934}
  - component: {fileID: 1096530367812999855}
  m_Layer: 0
  m_Name: Directional Light
  m_TagString: Untagged
  m_Icon: {fileID: 0}
  m_NavMeshLayer: 0
  m_StaticEditorFlags: 0
  m_IsActive: 1
--- !u!4 &3353353327953515934
Transform:
  m_ObjectHideFlags: 0
  m_CorrespondingSourceObject: {fileID: 0}
  m_PrefabInstance: {fileID: 0}
  m_PrefabAsset: {fileID: 0}
  m_GameObject: {fileID: 4665190825593781603}
  m_LocalRotation: {x: -0.23430942, y: 0.7800754, z: -0.4681491, w: -0.3426632}
  m_LocalPosition: {x: 0, y: 14, z: 0}
  m_LocalScale: {x: 1, y: 1, z: 1}
  m_Children: []
  m_Father: {fileID: 7172824866143211658}
  m_RootOrder: 1
  m_LocalEulerAnglesHint: {x: 117.006, y: 403.964, z: 174.34799}
--- !u!108 &1096530367812999855
Light:
  m_ObjectHideFlags: 0
  m_CorrespondingSourceObject: {fileID: 0}
  m_PrefabInstance: {fileID: 0}
  m_PrefabAsset: {fileID: 0}
  m_GameObject: {fileID: 4665190825593781603}
  m_Enabled: 1
  serializedVersion: 10
  m_Type: 1
  m_Shape: 0
  m_Color: {r: 0.7169812, g: 0.69162, b: 0.6594874, a: 1}
  m_Intensity: 0.5
  m_Range: 10
  m_SpotAngle: 30
  m_InnerSpotAngle: 21.80208
  m_CookieSize: 10
  m_Shadows:
    m_Type: 2
    m_Resolution: 3
    m_CustomResolution: -1
    m_Strength: 1
    m_Bias: 0.017
    m_NormalBias: 0
    m_NearPlane: 0.1
    m_CullingMatrixOverride:
      e00: 1
      e01: 0
      e02: 0
      e03: 0
      e10: 0
      e11: 1
      e12: 0
      e13: 0
      e20: 0
      e21: 0
      e22: 1
      e23: 0
      e30: 0
      e31: 0
      e32: 0
      e33: 1
    m_UseCullingMatrixOverride: 0
  m_Cookie: {fileID: 0}
  m_DrawHalo: 0
  m_Flare: {fileID: 0}
  m_RenderMode: 0
  m_CullingMask:
    serializedVersion: 2
    m_Bits: 131072
  m_RenderingLayerMask: 1
  m_Lightmapping: 4
  m_LightShadowCasterMode: 0
  m_AreaSize: {x: 1, y: 1}
  m_BounceIntensity: 1
  m_ColorTemperature: 6570
  m_UseColorTemperature: 0
  m_BoundingSphereOverride: {x: 0, y: 0, z: 0, w: 0}
  m_UseBoundingSphereOverride: 0
  m_ShadowRadius: 0
  m_ShadowAngle: 0
--- !u!1 &7172824866143211702
GameObject:
  m_ObjectHideFlags: 0
  m_CorrespondingSourceObject: {fileID: 0}
  m_PrefabInstance: {fileID: 0}
  m_PrefabAsset: {fileID: 0}
  serializedVersion: 6
  m_Component:
  - component: {fileID: 7172824866143211658}
  - component: {fileID: 1059970395505721222}
  m_Layer: 17
  m_Name: Halloween
  m_TagString: Untagged
  m_Icon: {fileID: 0}
  m_NavMeshLayer: 0
  m_StaticEditorFlags: 0
  m_IsActive: 1
--- !u!4 &7172824866143211658
Transform:
  m_ObjectHideFlags: 0
  m_CorrespondingSourceObject: {fileID: 0}
  m_PrefabInstance: {fileID: 0}
  m_PrefabAsset: {fileID: 0}
  m_GameObject: {fileID: 7172824866143211702}
  m_LocalRotation: {x: 0, y: 0, z: 0, w: 1}
  m_LocalPosition: {x: 0, y: 0, z: 0}
  m_LocalScale: {x: 1, y: 1, z: 1}
  m_Children:
  - {fileID: 6427362021080701248}
  - {fileID: 3353353327953515934}
  - {fileID: 1442343504845601144}
  - {fileID: 7567653988831562867}
  m_Father: {fileID: 0}
  m_RootOrder: 0
  m_LocalEulerAnglesHint: {x: 0, y: 0, z: 0}
--- !u!114 &1059970395505721222
MonoBehaviour:
  m_ObjectHideFlags: 0
  m_CorrespondingSourceObject: {fileID: 0}
  m_PrefabInstance: {fileID: 0}
  m_PrefabAsset: {fileID: 0}
  m_GameObject: {fileID: 7172824866143211702}
  m_Enabled: 1
  m_EditorHideFlags: 0
  m_Script: {fileID: 11500000, guid: c1fceda29ad00e44b97ea8422f4d170f, type: 3}
  m_Name: 
  m_EditorClassIdentifier: 
  spawnBots: 1
  models:
  - {fileID: 884024106304837380, guid: 5b4e75b4e3ac611408904f8c8ea7446e, type: 3}
  - {fileID: 8540747706062933835, guid: 9c9bbb2ed5b9aec41977de25e21212e4, type: 3}
  - {fileID: 420651460400204530, guid: b82ae838c44266d4a8be35d5d4afd010, type: 3}
  - {fileID: 7445844894433743111, guid: 6d164150554b4794db2bcd07e5778a4d, type: 3}
  - {fileID: 1105524118327292761, guid: dff560a4041ddc041b178b969c4e3973, type: 3}
  - {fileID: 4933352011886266329, guid: 780e27c1696ff39448c8f15a6147af10, type: 3}
  - {fileID: 7330346062815727873, guid: 68442bde388877b49b6c4003d0f93918, type: 3}
  - {fileID: 1317295294720225097, guid: 2b986a61177041147b04299d471e6c12, type: 3}
  - {fileID: 8546939911418603310, guid: a3f2b84342273fc46a06d52be3c0b1e3, type: 3}
  madmapperScene: 2
  lightBotColor: {r: 1, g: 1, b: 1, a: 1}
  customFlashIntensity: 5
  customBaseLightIntensity: 0.4
  botFlashIntensity: 3
  botBaseLightIntensity: 0
  interpolationTime: 2
  offsetText: {x: 0, y: 0.2, z: 0.1}
  customColors:
  - {r: 0.8862746, g: 0.7176471, b: 0.21176472, a: 1}
  - {r: 0.8862745, g: 0.7176471, b: 0.21176471, a: 1}
  - {r: 0.8862746, g: 0.7176471, b: 0.21176472, a: 1}
  - {r: 0.8862746, g: 0.7176471, b: 0.21176472, a: 1}
  - {r: 0.11372549, g: 0.09803922, b: 0.047058824, a: 1}
  initialVelocity: {x: 0.925, y: 0, z: 0}
  waterVolume: {fileID: 6427362021090784900}
  minCurrent: 0.06
  maxCurrent: 0.7
  lavaRenderer: {fileID: 2002901014140715202}
  minGlobalSpeed: 0.03
  maxGlobalSpeed: 0.3
  minEmit: 0.5
  maxEmit: 7
  customColor: {r: 0.8862746, g: 0.7176471, b: 0.21176472, a: 1}
--- !u!1001 &6427362021080907838
PrefabInstance:
  m_ObjectHideFlags: 0
  serializedVersion: 2
  m_Modification:
    m_TransformParent: {fileID: 7172824866143211658}
    m_Modifications:
    - target: {fileID: 129576, guid: 5c60596648225cb4ab7d859831a0c504, type: 3}
      propertyPath: m_Name
      value: Water Volume
      objectReference: {fileID: 0}
    - target: {fileID: 129576, guid: 5c60596648225cb4ab7d859831a0c504, type: 3}
      propertyPath: m_Layer
      value: 4
      objectReference: {fileID: 0}
    - target: {fileID: 481662, guid: 5c60596648225cb4ab7d859831a0c504, type: 3}
      propertyPath: m_RootOrder
      value: 0
      objectReference: {fileID: 0}
    - target: {fileID: 481662, guid: 5c60596648225cb4ab7d859831a0c504, type: 3}
      propertyPath: m_LocalScale.x
      value: 23.953762
      objectReference: {fileID: 0}
    - target: {fileID: 481662, guid: 5c60596648225cb4ab7d859831a0c504, type: 3}
      propertyPath: m_LocalScale.y
      value: 20.50576
      objectReference: {fileID: 0}
    - target: {fileID: 481662, guid: 5c60596648225cb4ab7d859831a0c504, type: 3}
      propertyPath: m_LocalScale.z
      value: 23.82477
      objectReference: {fileID: 0}
    - target: {fileID: 481662, guid: 5c60596648225cb4ab7d859831a0c504, type: 3}
      propertyPath: m_LocalPosition.x
      value: 0.049882
      objectReference: {fileID: 0}
    - target: {fileID: 481662, guid: 5c60596648225cb4ab7d859831a0c504, type: 3}
      propertyPath: m_LocalPosition.y
      value: 1.9
      objectReference: {fileID: 0}
    - target: {fileID: 481662, guid: 5c60596648225cb4ab7d859831a0c504, type: 3}
      propertyPath: m_LocalPosition.z
      value: -0.04203
      objectReference: {fileID: 0}
    - target: {fileID: 481662, guid: 5c60596648225cb4ab7d859831a0c504, type: 3}
      propertyPath: m_LocalRotation.w
      value: 1
      objectReference: {fileID: 0}
    - target: {fileID: 481662, guid: 5c60596648225cb4ab7d859831a0c504, type: 3}
      propertyPath: m_LocalRotation.x
      value: -0
      objectReference: {fileID: 0}
    - target: {fileID: 481662, guid: 5c60596648225cb4ab7d859831a0c504, type: 3}
      propertyPath: m_LocalRotation.y
      value: -0
      objectReference: {fileID: 0}
    - target: {fileID: 481662, guid: 5c60596648225cb4ab7d859831a0c504, type: 3}
      propertyPath: m_LocalRotation.z
      value: -0
      objectReference: {fileID: 0}
    - target: {fileID: 481662, guid: 5c60596648225cb4ab7d859831a0c504, type: 3}
      propertyPath: m_LocalEulerAnglesHint.x
      value: 0
      objectReference: {fileID: 0}
    - target: {fileID: 481662, guid: 5c60596648225cb4ab7d859831a0c504, type: 3}
      propertyPath: m_LocalEulerAnglesHint.y
      value: 0
      objectReference: {fileID: 0}
    - target: {fileID: 481662, guid: 5c60596648225cb4ab7d859831a0c504, type: 3}
      propertyPath: m_LocalEulerAnglesHint.z
      value: 0
      objectReference: {fileID: 0}
    - target: {fileID: 6584510, guid: 5c60596648225cb4ab7d859831a0c504, type: 3}
      propertyPath: m_Center.y
      value: -0.5
      objectReference: {fileID: 0}
    - target: {fileID: 11450042, guid: 5c60596648225cb4ab7d859831a0c504, type: 3}
      propertyPath: flow.x
      value: 0.1
      objectReference: {fileID: 0}
    - target: {fileID: 11450042, guid: 5c60596648225cb4ab7d859831a0c504, type: 3}
      propertyPath: buoyancy
      value: 30
      objectReference: {fileID: 0}
    - target: {fileID: 11450042, guid: 5c60596648225cb4ab7d859831a0c504, type: 3}
      propertyPath: viscosity
      value: 100
      objectReference: {fileID: 0}
    m_RemovedComponents: []
  m_SourcePrefab: {fileID: 100100000, guid: 5c60596648225cb4ab7d859831a0c504, type: 3}
--- !u!4 &6427362021080701248 stripped
Transform:
  m_CorrespondingSourceObject: {fileID: 481662, guid: 5c60596648225cb4ab7d859831a0c504,
    type: 3}
  m_PrefabInstance: {fileID: 6427362021080907838}
  m_PrefabAsset: {fileID: 0}
--- !u!114 &6427362021090784900 stripped
MonoBehaviour:
  m_CorrespondingSourceObject: {fileID: 11450042, guid: 5c60596648225cb4ab7d859831a0c504,
    type: 3}
  m_PrefabInstance: {fileID: 6427362021080907838}
  m_PrefabAsset: {fileID: 0}
  m_GameObject: {fileID: 0}
  m_Enabled: 1
  m_EditorHideFlags: 0
  m_Script: {fileID: 11500000, guid: 1af355039f7c90747853cd2d932d2361, type: 3}
  m_Name: 
  m_EditorClassIdentifier: 
--- !u!1001 &6584040694678433452
PrefabInstance:
  m_ObjectHideFlags: 0
  serializedVersion: 2
  m_Modification:
    m_TransformParent: {fileID: 7172824866143211658}
    m_Modifications:
    - target: {fileID: 5718179434770454484, guid: 1fe2cfe546a6bd144b51e31fad2235d5,
        type: 3}
      propertyPath: m_RootOrder
      value: 2
      objectReference: {fileID: 0}
    - target: {fileID: 5718179434770454484, guid: 1fe2cfe546a6bd144b51e31fad2235d5,
        type: 3}
      propertyPath: m_LocalPosition.x
      value: 0
      objectReference: {fileID: 0}
    - target: {fileID: 5718179434770454484, guid: 1fe2cfe546a6bd144b51e31fad2235d5,
        type: 3}
      propertyPath: m_LocalPosition.y
      value: 0
      objectReference: {fileID: 0}
    - target: {fileID: 5718179434770454484, guid: 1fe2cfe546a6bd144b51e31fad2235d5,
        type: 3}
      propertyPath: m_LocalPosition.z
      value: 0
      objectReference: {fileID: 0}
    - target: {fileID: 5718179434770454484, guid: 1fe2cfe546a6bd144b51e31fad2235d5,
        type: 3}
      propertyPath: m_LocalRotation.w
      value: 1
      objectReference: {fileID: 0}
    - target: {fileID: 5718179434770454484, guid: 1fe2cfe546a6bd144b51e31fad2235d5,
        type: 3}
      propertyPath: m_LocalRotation.x
      value: 0
      objectReference: {fileID: 0}
    - target: {fileID: 5718179434770454484, guid: 1fe2cfe546a6bd144b51e31fad2235d5,
        type: 3}
      propertyPath: m_LocalRotation.y
      value: 0
      objectReference: {fileID: 0}
    - target: {fileID: 5718179434770454484, guid: 1fe2cfe546a6bd144b51e31fad2235d5,
        type: 3}
      propertyPath: m_LocalRotation.z
      value: 0
      objectReference: {fileID: 0}
    - target: {fileID: 5718179434770454484, guid: 1fe2cfe546a6bd144b51e31fad2235d5,
        type: 3}
      propertyPath: m_LocalEulerAnglesHint.x
      value: 0
      objectReference: {fileID: 0}
    - target: {fileID: 5718179434770454484, guid: 1fe2cfe546a6bd144b51e31fad2235d5,
        type: 3}
      propertyPath: m_LocalEulerAnglesHint.y
      value: 0
      objectReference: {fileID: 0}
    - target: {fileID: 5718179434770454484, guid: 1fe2cfe546a6bd144b51e31fad2235d5,
        type: 3}
      propertyPath: m_LocalEulerAnglesHint.z
      value: 0
      objectReference: {fileID: 0}
    - target: {fileID: 5718179434770454490, guid: 1fe2cfe546a6bd144b51e31fad2235d5,
        type: 3}
      propertyPath: m_Name
      value: PostProcessing_Volume
      objectReference: {fileID: 0}
    m_RemovedComponents: []
  m_SourcePrefab: {fileID: 100100000, guid: 1fe2cfe546a6bd144b51e31fad2235d5, type: 3}
--- !u!4 &1442343504845601144 stripped
Transform:
  m_CorrespondingSourceObject: {fileID: 5718179434770454484, guid: 1fe2cfe546a6bd144b51e31fad2235d5,
    type: 3}
  m_PrefabInstance: {fileID: 6584040694678433452}
  m_PrefabAsset: {fileID: 0}
