%YAML 1.1
%TAG !u! tag:unity3d.com,2011:
--- !u!1 &7350364429085355896
GameObject:
  m_ObjectHideFlags: 0
  m_CorrespondingSourceObject: {fileID: 0}
  m_PrefabInstance: {fileID: 0}
  m_PrefabAsset: {fileID: 0}
  serializedVersion: 6
  m_Component:
  - component: {fileID: 7350364429085355899}
  - component: {fileID: 7845348573154203650}
  m_Layer: 0
  m_Name: ValentineTheme
  m_TagString: Untagged
  m_Icon: {fileID: 0}
  m_NavMeshLayer: 0
  m_StaticEditorFlags: 0
  m_IsActive: 1
--- !u!4 &7350364429085355899
Transform:
  m_ObjectHideFlags: 0
  m_CorrespondingSourceObject: {fileID: 0}
  m_PrefabInstance: {fileID: 0}
  m_PrefabAsset: {fileID: 0}
  m_GameObject: {fileID: 7350364429085355896}
  m_LocalRotation: {x: 0, y: 0, z: 0, w: 1}
  m_LocalPosition: {x: 0, y: 0, z: 0}
  m_LocalScale: {x: 1, y: 1, z: 1}
  m_Children:
  - {fileID: 7350364430076020681}
  - {fileID: 7350364430473434919}
  - {fileID: 7350364429291227071}
  - {fileID: 7350364429702956545}
  - {fileID: 3483510437084372042}
  m_Father: {fileID: 0}
  m_RootOrder: 0
  m_LocalEulerAnglesHint: {x: 0, y: 0, z: 0}
--- !u!114 &7845348573154203650
MonoBehaviour:
  m_ObjectHideFlags: 0
  m_CorrespondingSourceObject: {fileID: 0}
  m_PrefabInstance: {fileID: 0}
  m_PrefabAsset: {fileID: 0}
  m_GameObject: {fileID: 7350364429085355896}
  m_Enabled: 1
  m_EditorHideFlags: 0
  m_Script: {fileID: 11500000, guid: 5cb5c8d78199ea244abc4f302b3109e2, type: 3}
  m_Name: 
  m_EditorClassIdentifier: 
  spawnBots: 1
  models:
  - {fileID: 5989260019449007349, guid: f2675b23be2e65a4d80ff34fe3e89ee4, type: 3}
  - {fileID: 5989260019449007349, guid: c2a8b6a6a25c4844bb799d45b724dac2, type: 3}
  - {fileID: 5989260019449007349, guid: 818292452dc8a1349a45a194391f2520, type: 3}
  - {fileID: 5989260019449007349, guid: 7d67ec5fc30e8b447bda631c696d6cb4, type: 3}
  madmapperScene: 1
  lightBotColor: {r: 1, g: 0.6745283, b: 0.685326, a: 1}
  customFlashIntensity: 3
  customBaseLightIntensity: 1
  botFlashIntensity: 2
  botBaseLightIntensity: 0
  interpolationTime: 2
  offsetText: {x: 0, y: 0.2, z: 0.1}
  customColors:
  - {r: 0.9725491, g: 0.14509805, b: 0.17254902, a: 1}
  initialVelocity: {x: 0, y: 0, z: 0}
  waterVolume: {fileID: 7350364430483388643}
  waterSurfaceRenderer: {fileID: 7350364429702956546}
  minCurrent: 0.06
  maxCurrent: 0.6
  minShaderspeed: 0.03
  maxShaderSpeed: 0.1
  randomAngleVelocity: 30
--- !u!1 &7350364429291227068
GameObject:
  m_ObjectHideFlags: 0
  m_CorrespondingSourceObject: {fileID: 0}
  m_PrefabInstance: {fileID: 0}
  m_PrefabAsset: {fileID: 0}
  serializedVersion: 6
  m_Component:
  - component: {fileID: 7350364429291227071}
  - component: {fileID: 7350364429291227065}
  - component: {fileID: 7350364429291227070}
  m_Layer: 18
  m_Name: floor black
  m_TagString: Untagged
  m_Icon: {fileID: 0}
  m_NavMeshLayer: 0
  m_StaticEditorFlags: 0
  m_IsActive: 1
--- !u!4 &7350364429291227071
Transform:
  m_ObjectHideFlags: 0
  m_CorrespondingSourceObject: {fileID: 0}
  m_PrefabInstance: {fileID: 0}
  m_PrefabAsset: {fileID: 0}
  m_GameObject: {fileID: 7350364429291227068}
  m_LocalRotation: {x: -0, y: -0, z: -0, w: 1}
  m_LocalPosition: {x: 0.11000013, y: 0, z: 0}
  m_LocalScale: {x: 14.9107, y: 1, z: 15.21387}
  m_Children: []
  m_Father: {fileID: 7350364429085355899}
  m_RootOrder: 2
  m_LocalEulerAnglesHint: {x: 0, y: 0, z: 0}
--- !u!33 &7350364429291227065
MeshFilter:
  m_ObjectHideFlags: 0
  m_CorrespondingSourceObject: {fileID: 0}
  m_PrefabInstance: {fileID: 0}
  m_PrefabAsset: {fileID: 0}
  m_GameObject: {fileID: 7350364429291227068}
  m_Mesh: {fileID: 10202, guid: 0000000000000000e000000000000000, type: 0}
--- !u!23 &7350364429291227070
MeshRenderer:
  m_ObjectHideFlags: 0
  m_CorrespondingSourceObject: {fileID: 0}
  m_PrefabInstance: {fileID: 0}
  m_PrefabAsset: {fileID: 0}
  m_GameObject: {fileID: 7350364429291227068}
  m_Enabled: 1
  m_CastShadows: 0
  m_ReceiveShadows: 1
  m_DynamicOccludee: 0
  m_MotionVectors: 2
  m_LightProbeUsage: 0
  m_ReflectionProbeUsage: 0
  m_RayTracingMode: 2
  m_RenderingLayerMask: 1
  m_RendererPriority: 0
  m_Materials:
  - {fileID: 2100000, guid: 3ee1a742d05e9a94385915959f8c243e, type: 2}
  m_StaticBatchInfo:
    firstSubMesh: 0
    subMeshCount: 0
  m_StaticBatchRoot: {fileID: 0}
  m_ProbeAnchor: {fileID: 0}
  m_LightProbeVolumeOverride: {fileID: 0}
  m_ScaleInLightmap: 1
  m_ReceiveGI: 1
  m_PreserveUVs: 0
  m_IgnoreNormalsForChartDetection: 0
  m_ImportantGI: 0
  m_StitchLightmapSeams: 1
  m_SelectedEditorRenderState: 3
  m_MinimumChartSize: 4
  m_AutoUVMaxDistance: 0.5
  m_AutoUVMaxAngle: 89
  m_LightmapParameters: {fileID: 0}
  m_SortingLayerID: 0
  m_SortingLayer: 0
  m_SortingOrder: 0
--- !u!1 &7350364429702956550
GameObject:
  m_ObjectHideFlags: 0
  m_CorrespondingSourceObject: {fileID: 0}
  m_PrefabInstance: {fileID: 0}
  m_PrefabAsset: {fileID: 0}
  serializedVersion: 6
  m_Component:
  - component: {fileID: 7350364429702956545}
  - component: {fileID: 7350364429702956557}
  - component: {fileID: 7350364429702956546}
  - component: {fileID: 7350364429702956547}
  - component: {fileID: 7350364429702956544}
  - component: {fileID: 6003173058148768393}
  m_Layer: 17
  m_Name: Water_Plane
  m_TagString: Untagged
  m_Icon: {fileID: 0}
  m_NavMeshLayer: 0
  m_StaticEditorFlags: 0
  m_IsActive: 1
--- !u!4 &7350364429702956545
Transform:
  m_ObjectHideFlags: 0
  m_CorrespondingSourceObject: {fileID: 0}
  m_PrefabInstance: {fileID: 0}
  m_PrefabAsset: {fileID: 0}
  m_GameObject: {fileID: 7350364429702956550}
  m_LocalRotation: {x: -0, y: -0, z: -0, w: 1}
  m_LocalPosition: {x: -0.38, y: 1.3, z: -0.0058542}
  m_LocalScale: {x: 121.4, y: 10, z: 124.04575}
  m_Children: []
  m_Father: {fileID: 7350364429085355899}
  m_RootOrder: 3
  m_LocalEulerAnglesHint: {x: 0, y: 0, z: 0}
--- !u!33 &7350364429702956557
MeshFilter:
  m_ObjectHideFlags: 0
  m_CorrespondingSourceObject: {fileID: 0}
  m_PrefabInstance: {fileID: 0}
  m_PrefabAsset: {fileID: 0}
  m_GameObject: {fileID: 7350364429702956550}
  m_Mesh: {fileID: 4300000, guid: 89cb3aeca926ba54eb40d7dcd97bd0c5, type: 3}
--- !u!23 &7350364429702956546
MeshRenderer:
  m_ObjectHideFlags: 0
  m_CorrespondingSourceObject: {fileID: 0}
  m_PrefabInstance: {fileID: 0}
  m_PrefabAsset: {fileID: 0}
  m_GameObject: {fileID: 7350364429702956550}
  m_Enabled: 1
  m_CastShadows: 0
  m_ReceiveShadows: 0
  m_DynamicOccludee: 1
  m_MotionVectors: 1
  m_LightProbeUsage: 1
  m_ReflectionProbeUsage: 1
  m_RayTracingMode: 2
  m_RenderingLayerMask: 1
  m_RendererPriority: 0
  m_Materials:
  - {fileID: 2100000, guid: 008ac6e505051f044a6026fbb2629ad1, type: 2}
  m_StaticBatchInfo:
    firstSubMesh: 0
    subMeshCount: 0
  m_StaticBatchRoot: {fileID: 0}
  m_ProbeAnchor: {fileID: 0}
  m_LightProbeVolumeOverride: {fileID: 0}
  m_ScaleInLightmap: 1
  m_ReceiveGI: 1
  m_PreserveUVs: 1
  m_IgnoreNormalsForChartDetection: 0
  m_ImportantGI: 0
  m_StitchLightmapSeams: 1
  m_SelectedEditorRenderState: 3
  m_MinimumChartSize: 4
  m_AutoUVMaxDistance: 0.5
  m_AutoUVMaxAngle: 89
  m_LightmapParameters: {fileID: 0}
  m_SortingLayerID: 0
  m_SortingLayer: 0
  m_SortingOrder: 0
--- !u!65 &7350364429702956547
BoxCollider:
  m_ObjectHideFlags: 0
  m_CorrespondingSourceObject: {fileID: 0}
  m_PrefabInstance: {fileID: 0}
  m_PrefabAsset: {fileID: 0}
  m_GameObject: {fileID: 7350364429702956550}
  m_Material: {fileID: 0}
  m_IsTrigger: 1
  m_Enabled: 1
  serializedVersion: 2
  m_Size: {x: 0.100000024, y: 0.016440859, z: 0.100000046}
  m_Center: {x: 0.0032511132, y: -0.007357004, z: 0.0001616025}
--- !u!114 &7350364429702956544
MonoBehaviour:
  m_ObjectHideFlags: 0
  m_CorrespondingSourceObject: {fileID: 0}
  m_PrefabInstance: {fileID: 0}
  m_PrefabAsset: {fileID: 0}
  m_GameObject: {fileID: 7350364429702956550}
  m_Enabled: 1
  m_EditorHideFlags: 0
  m_Script: {fileID: 11500000, guid: 1f541739679c8804590c7234ef8ae169, type: 3}
  m_Name: 
  m_EditorClassIdentifier: 
  WaterVolumeMesh: {fileID: 4300000, guid: 05f026fc38ac8eb4eb3db3bffd9556a9, type: 3}
  SlidingVolume: 0
  GridSize: 10
--- !u!114 &6003173058148768393
MonoBehaviour:
  m_ObjectHideFlags: 0
  m_CorrespondingSourceObject: {fileID: 0}
  m_PrefabInstance: {fileID: 0}
  m_PrefabAsset: {fileID: 0}
  m_GameObject: {fileID: 7350364429702956550}
  m_Enabled: 1
  m_EditorHideFlags: 0
  m_Script: {fileID: 11500000, guid: b47762ded9761414ebb71d48b51adeaa, type: 3}
  m_Name: 
  m_EditorClassIdentifier: 
  GrabDepthTexture: 0
  ShowShaderWarning: 1
--- !u!1 &7350364430076020686
GameObject:
  m_ObjectHideFlags: 0
  m_CorrespondingSourceObject: {fileID: 0}
  m_PrefabInstance: {fileID: 0}
  m_PrefabAsset: {fileID: 0}
  serializedVersion: 6
  m_Component:
  - component: {fileID: 7350364430076020681}
  - component: {fileID: 7350364430076020680}
  m_Layer: 0
  m_Name: Directional Light Water Surface
  m_TagString: Untagged
  m_Icon: {fileID: 0}
  m_NavMeshLayer: 0
  m_StaticEditorFlags: 0
  m_IsActive: 1
--- !u!4 &7350364430076020681
Transform:
  m_ObjectHideFlags: 0
  m_CorrespondingSourceObject: {fileID: 0}
  m_PrefabInstance: {fileID: 0}
  m_PrefabAsset: {fileID: 0}
  m_GameObject: {fileID: 7350364430076020686}
  m_LocalRotation: {x: 0.4759942, y: 0.5012167, z: -0.5200623, w: 0.50174356}
  m_LocalPosition: {x: 0, y: 14, z: 0}
  m_LocalScale: {x: 1, y: 1, z: 1}
  m_Children: []
  m_Father: {fileID: 7350364429085355899}
  m_RootOrder: 0
  m_LocalEulerAnglesHint: {x: 92.586, y: 190.048, z: 97.551994}
--- !u!108 &7350364430076020680
Light:
  m_ObjectHideFlags: 0
  m_CorrespondingSourceObject: {fileID: 0}
  m_PrefabInstance: {fileID: 0}
  m_PrefabAsset: {fileID: 0}
  m_GameObject: {fileID: 7350364430076020686}
  m_Enabled: 1
  serializedVersion: 10
  m_Type: 1
  m_Shape: 0
  m_Color: {r: 0.6803133, g: 0.80414367, b: 0.9811321, a: 1}
  m_Intensity: 0.7
  m_Range: 10
  m_SpotAngle: 30
  m_InnerSpotAngle: 21.80208
  m_CookieSize: 10
  m_Shadows:
    m_Type: 0
    m_Resolution: 3
    m_CustomResolution: -1
    m_Strength: 1
    m_Bias: 0.017
    m_NormalBias: 0
    m_NearPlane: 0.1
    m_CullingMatrixOverride:
      e00: 1
      e01: 0
      e02: 0
      e03: 0
      e10: 0
      e11: 1
      e12: 0
      e13: 0
      e20: 0
      e21: 0
      e22: 1
      e23: 0
      e30: 0
      e31: 0
      e32: 0
      e33: 1
    m_UseCullingMatrixOverride: 0
  m_Cookie: {fileID: 0}
  m_DrawHalo: 0
  m_Flare: {fileID: 0}
  m_RenderMode: 0
  m_CullingMask:
    serializedVersion: 2
    m_Bits: 131072
  m_RenderingLayerMask: 1
  m_Lightmapping: 4
  m_LightShadowCasterMode: 0
  m_AreaSize: {x: 1, y: 1}
  m_BounceIntensity: 1
  m_ColorTemperature: 6570
  m_UseColorTemperature: 0
  m_BoundingSphereOverride: {x: 0, y: 0, z: 0, w: 0}
  m_UseBoundingSphereOverride: 0
  m_ShadowRadius: 0
  m_ShadowAngle: 0
--- !u!1001 &7350364430473776729
PrefabInstance:
  m_ObjectHideFlags: 0
  serializedVersion: 2
  m_Modification:
    m_TransformParent: {fileID: 7350364429085355899}
    m_Modifications:
    - target: {fileID: 129576, guid: 5c60596648225cb4ab7d859831a0c504, type: 3}
      propertyPath: m_Name
      value: Water Volume
      objectReference: {fileID: 0}
    - target: {fileID: 129576, guid: 5c60596648225cb4ab7d859831a0c504, type: 3}
      propertyPath: m_Layer
      value: 4
      objectReference: {fileID: 0}
    - target: {fileID: 481662, guid: 5c60596648225cb4ab7d859831a0c504, type: 3}
      propertyPath: m_RootOrder
      value: 1
      objectReference: {fileID: 0}
    - target: {fileID: 481662, guid: 5c60596648225cb4ab7d859831a0c504, type: 3}
      propertyPath: m_LocalScale.x
      value: 23.953762
      objectReference: {fileID: 0}
    - target: {fileID: 481662, guid: 5c60596648225cb4ab7d859831a0c504, type: 3}
      propertyPath: m_LocalScale.y
      value: 20.50576
      objectReference: {fileID: 0}
    - target: {fileID: 481662, guid: 5c60596648225cb4ab7d859831a0c504, type: 3}
      propertyPath: m_LocalScale.z
      value: 23.82477
      objectReference: {fileID: 0}
    - target: {fileID: 481662, guid: 5c60596648225cb4ab7d859831a0c504, type: 3}
      propertyPath: m_LocalPosition.x
      value: 0.049882
      objectReference: {fileID: 0}
    - target: {fileID: 481662, guid: 5c60596648225cb4ab7d859831a0c504, type: 3}
      propertyPath: m_LocalPosition.y
      value: 1.6
      objectReference: {fileID: 0}
    - target: {fileID: 481662, guid: 5c60596648225cb4ab7d859831a0c504, type: 3}
      propertyPath: m_LocalPosition.z
      value: -0.04203
      objectReference: {fileID: 0}
    - target: {fileID: 481662, guid: 5c60596648225cb4ab7d859831a0c504, type: 3}
      propertyPath: m_LocalRotation.w
      value: 1
      objectReference: {fileID: 0}
    - target: {fileID: 481662, guid: 5c60596648225cb4ab7d859831a0c504, type: 3}
      propertyPath: m_LocalRotation.x
      value: -0
      objectReference: {fileID: 0}
    - target: {fileID: 481662, guid: 5c60596648225cb4ab7d859831a0c504, type: 3}
      propertyPath: m_LocalRotation.y
      value: -0
      objectReference: {fileID: 0}
    - target: {fileID: 481662, guid: 5c60596648225cb4ab7d859831a0c504, type: 3}
      propertyPath: m_LocalRotation.z
      value: -0
      objectReference: {fileID: 0}
    - target: {fileID: 481662, guid: 5c60596648225cb4ab7d859831a0c504, type: 3}
      propertyPath: m_LocalEulerAnglesHint.x
      value: 0
      objectReference: {fileID: 0}
    - target: {fileID: 481662, guid: 5c60596648225cb4ab7d859831a0c504, type: 3}
      propertyPath: m_LocalEulerAnglesHint.y
      value: 0
      objectReference: {fileID: 0}
    - target: {fileID: 481662, guid: 5c60596648225cb4ab7d859831a0c504, type: 3}
      propertyPath: m_LocalEulerAnglesHint.z
      value: 0
      objectReference: {fileID: 0}
    - target: {fileID: 6584510, guid: 5c60596648225cb4ab7d859831a0c504, type: 3}
      propertyPath: m_Center.y
      value: -0.5
      objectReference: {fileID: 0}
    - target: {fileID: 11450042, guid: 5c60596648225cb4ab7d859831a0c504, type: 3}
      propertyPath: flow.x
      value: 0.1
      objectReference: {fileID: 0}
    - target: {fileID: 11450042, guid: 5c60596648225cb4ab7d859831a0c504, type: 3}
      propertyPath: buoyancy
      value: 20
      objectReference: {fileID: 0}
    m_RemovedComponents: []
  m_SourcePrefab: {fileID: 100100000, guid: 5c60596648225cb4ab7d859831a0c504, type: 3}
--- !u!4 &7350364430473434919 stripped
Transform:
  m_CorrespondingSourceObject: {fileID: 481662, guid: 5c60596648225cb4ab7d859831a0c504,
    type: 3}
  m_PrefabInstance: {fileID: 7350364430473776729}
  m_PrefabAsset: {fileID: 0}
--- !u!114 &7350364430483388643 stripped
MonoBehaviour:
  m_CorrespondingSourceObject: {fileID: 11450042, guid: 5c60596648225cb4ab7d859831a0c504,
    type: 3}
  m_PrefabInstance: {fileID: 7350364430473776729}
  m_PrefabAsset: {fileID: 0}
  m_GameObject: {fileID: 0}
  m_Enabled: 1
  m_EditorHideFlags: 0
  m_Script: {fileID: 11500000, guid: 1af355039f7c90747853cd2d932d2361, type: 3}
  m_Name: 
  m_EditorClassIdentifier: 
--- !u!1001 &9154946883199191966
PrefabInstance:
  m_ObjectHideFlags: 0
  serializedVersion: 2
  m_Modification:
    m_TransformParent: {fileID: 7350364429085355899}
    m_Modifications:
    - target: {fileID: 5718179434770454484, guid: e027d2bed0f2a93488f7455d94ab565b,
        type: 3}
      propertyPath: m_RootOrder
      value: 4
      objectReference: {fileID: 0}
    - target: {fileID: 5718179434770454484, guid: e027d2bed0f2a93488f7455d94ab565b,
        type: 3}
      propertyPath: m_LocalPosition.x
      value: 0
      objectReference: {fileID: 0}
    - target: {fileID: 5718179434770454484, guid: e027d2bed0f2a93488f7455d94ab565b,
        type: 3}
      propertyPath: m_LocalPosition.y
      value: 0
      objectReference: {fileID: 0}
    - target: {fileID: 5718179434770454484, guid: e027d2bed0f2a93488f7455d94ab565b,
        type: 3}
      propertyPath: m_LocalPosition.z
      value: 0
      objectReference: {fileID: 0}
    - target: {fileID: 5718179434770454484, guid: e027d2bed0f2a93488f7455d94ab565b,
        type: 3}
      propertyPath: m_LocalRotation.w
      value: 1
      objectReference: {fileID: 0}
    - target: {fileID: 5718179434770454484, guid: e027d2bed0f2a93488f7455d94ab565b,
        type: 3}
      propertyPath: m_LocalRotation.x
      value: 0
      objectReference: {fileID: 0}
    - target: {fileID: 5718179434770454484, guid: e027d2bed0f2a93488f7455d94ab565b,
        type: 3}
      propertyPath: m_LocalRotation.y
      value: 0
      objectReference: {fileID: 0}
    - target: {fileID: 5718179434770454484, guid: e027d2bed0f2a93488f7455d94ab565b,
        type: 3}
      propertyPath: m_LocalRotation.z
      value: 0
      objectReference: {fileID: 0}
    - target: {fileID: 5718179434770454484, guid: e027d2bed0f2a93488f7455d94ab565b,
        type: 3}
      propertyPath: m_LocalEulerAnglesHint.x
      value: 0
      objectReference: {fileID: 0}
    - target: {fileID: 5718179434770454484, guid: e027d2bed0f2a93488f7455d94ab565b,
        type: 3}
      propertyPath: m_LocalEulerAnglesHint.y
      value: 0
      objectReference: {fileID: 0}
    - target: {fileID: 5718179434770454484, guid: e027d2bed0f2a93488f7455d94ab565b,
        type: 3}
      propertyPath: m_LocalEulerAnglesHint.z
      value: 0
      objectReference: {fileID: 0}
    - target: {fileID: 5718179434770454490, guid: e027d2bed0f2a93488f7455d94ab565b,
        type: 3}
      propertyPath: m_Name
      value: PostProcessing_Volume
      objectReference: {fileID: 0}
    m_RemovedComponents: []
  m_SourcePrefab: {fileID: 100100000, guid: e027d2bed0f2a93488f7455d94ab565b, type: 3}
--- !u!4 &3483510437084372042 stripped
Transform:
  m_CorrespondingSourceObject: {fileID: 5718179434770454484, guid: e027d2bed0f2a93488f7455d94ab565b,
    type: 3}
  m_PrefabInstance: {fileID: 9154946883199191966}
  m_PrefabAsset: {fileID: 0}
